@article{dick1990automating,
  title={Automating the knuth bendix ordering},
  author={Dick, Jeremy and Kalmus, John and Martin, Ursula},
  journal={Acta Informatica},
  volume={28},
  number={2},
  pages={95--119},
  year={1990},
  publisher={Springer}
}

@article{slagle1973experiment,
  title={Experiment with an automatic theorem-prover having partial ordering inference rules},
  author={Slagle, James R and Norton, Lewis M},
  journal={Communications of the ACM},
  volume={16},
  number={11},
  pages={682--688},
  year={1973},
  publisher={ACM}
}

@inproceedings{kuksa2016prover,
  title={Prover-independent Axiom Selection for Automated Theorem Proving in Ontohub.},
  author={Kuksa, Eugen and Mossakowski, Till},
  booktitle={PAAR@ IJCAR},
  pages={56--68},
  year={2016}
}

@inproceedings{bohme2010sledgehammer,
  title={Sledgehammer: judgement day},
  author={B{\"o}hme, Sascha and Nipkow, Tobias},
  booktitle={International Joint Conference on Automated Reasoning},
  pages={107--121},
  year={2010},
  organization={Springer}
}

@article{alama2014premise,
  title={Premise selection for mathematics by corpus analysis and kernel methods},
  author={Alama, Jesse and Heskes, Tom and K{\"u}hlwein, Daniel and Tsivtsivadze, Evgeni and Urban, Josef},
  journal={Journal of Automated Reasoning},
  volume={52},
  number={2},
  pages={191--213},
  year={2014},
  publisher={Springer}
}

@book{nipkow2002isabelle,
  title={Isabelle/HOL: a proof assistant for higher-order logic},
  author={Nipkow, Tobias and Paulson, Lawrence C and Wenzel, Markus},
  volume={2283},
  year={2002},
  publisher={Springer Science \& Business Media}
}

@inproceedings{martin1987choose,
  title={How to choose the weights in the Knuth Bendix ordering},
  author={Martin, Ursula},
  booktitle={International Conference on Rewriting Techniques and Applications},
  pages={42--53},
  year={1987},
  organization={Springer}
}

@inproceedings{roederer2009divvy,
  title={Divvy: An ATP meta-system based on axiom relevance ordering},
  author={Roederer, Alex and Puzis, Yury and Sutcliffe, Geoff},
  booktitle={International Conference on Automated Deduction},
  pages={157--162},
  year={2009},
  organization={Springer}
}